@misc{Nakamoto,
title={{Bitcoin: A Peer-to-Peer Electronic Cash System}},
author={S. Nakamoto},
month={October},
year={2008},
howpublished={\url{https://bitcoin.org/en/bitcoin-paper}}
}
@inproceedings{backbone,
  author    = {Juan A. Garay and
               Aggelos Kiayias and
               Nikos Leonardos},
  editor    = {Elisabeth Oswald and
               Marc Fischlin},
  title     = {The Bitcoin Backbone Protocol: Analysis and Applications},
  booktitle = {Advances in Cryptology - {EUROCRYPT} 2015 - 34th Annual International
               Conference on the Theory and Applications of Cryptographic Techniques,
               Sofia, Bulgaria, April 26-30, 2015, Proceedings, Part {II}},
  series    = {LNCS},
  volume    = {9057},
  pages     = {281--310},
  publisher = {Springer},
  year      = {2015},
}

@misc{utxo_growth,
    author = {Dimitris Karakostas and Nikos Karayannidis and Aggelos Kiayias},
    title = {Efficient State Management in Distributed Ledgers},
    howpublished = {Cryptology ePrint Archive, Report 2021/183},
    year = {2021},
    note = {\url{https://eprint.iacr.org/2021/183}},
}

@misc{ethereum-dos,
    title={The Ethereum network is currently undergoing a DoS attack},
    author={Wilcke, Jeffrey},
    year = {2016},
    note = "\url{https://blog.ethereum.org/2016/09/22/ethereum-network-currently-undergoing-dos-attack/}"
}

@misc{bitcoin-flooding,
    title={July 2015 flood attack},
    author={Bitcoin},
    year = {2015},
    note = "\url{https://en.bitcoin.it/wiki/July_2015_flood_attack}"
}

@misc{ergo,
  title={{Ergo: A Resilient Platform For ContractualMoney}},
  author={{Ergo Team}},
  year={2019},
  howpublished={\url{https://whitepaper.io/document/753/ergo-1-whitepaper}}
}

@inproceedings{FCW:VasThoMoo14,
  author    = {Marie Vasek and
               Micah Thornton and
               Tyler Moore},
  editor    = {Rainer B{\"{o}}hme and
               Michael Brenner and
               Tyler Moore and
               Matthew Smith},
  title     = {Empirical Analysis of Denial-of-Service Attacks in the Bitcoin Ecosystem},
  booktitle = {Financial Cryptography and Data Security - {FC} 2014 Workshops, {BITCOIN}
               and {WAHC} 2014, Christ Church, Barbados, March 7, 2014, Revised Selected
               Papers},
  series    = {LNCS},
  volume    = {8438},
  publisher = {Springer},
  year      = {2014},
}

@book{algorithms,
author = {Cormen, Thomas H. and Leiserson, Charles E. and Rivest, Ronald L. and Stein, Clifford},
title = {Introduction to Algorithms, Third Edition},
year = {2009},
isbn = {0262033844},
publisher = {The MIT Press},
edition = {3rd}
}

@misc{stellar,
title={{Stellar Development Guides}},
author = {{Stellar Development Foundation}},
year = {2020},
howpublished={\url{https://developers.stellar.org/docs/}}
}

@misc{waves,
title={{Waves blockchain documentation}},
author = {{Waves Team}},
year = {2020},
howpublished={\url{https://docs.wavesprotocol.org/}}
}

@misc{algorand-docs,
title={{Algorand Developer Documentation}},
author = {{Algorand Team}},
year = {2021},
howpublished={\url{https://developer.algorand.org/docs/}}
}

@misc{gsn,
title={{EIP-1613: Gas stations network}},
author = {{	Yoav Weiss and Dror Tirosh and Alex Forshtat}},
year = {2018},
howpublished={\url{https://eips.ethereum.org/EIPS/eip-1613}}
}

@misc{herlihy2018atomic,
      title={Atomic Cross-Chain Swaps},
      author={Maurice Herlihy},
      year={2018},
      eprint={1801.09515},
      archivePrefix={arXiv},
      primaryClass={cs.DC}
}

@misc{maker,
      title={The Maker Protocol: MakerDAO's Multi-Collateral Dai (MCD) System},
      author={MakerDAO Team},
      year={Retrieved May 26, 2021},
      howpublished={\url{https://makerdao.com/en/whitepaper/}}
}

@misc{black2019atomic,
      title={Atomic Loans: Cryptocurrency Debt Instruments},
      author={Matthew Black and TingWei Liu and Tony Cai},
      year={2019},
      eprint={1901.05117},
      archivePrefix={arXiv},
      primaryClass={cs.CR}
}

@misc{atomicdex,
title={{AtomicDEX documentation}},
author = {{Komodo Team}},
year = {2021},
howpublished={\url{https://developers.komodoplatform.com/basic-docs/atomicdex/}}
}

@misc{idex,
title={{IDEX documentation}},
author = {{IDEX Team}},
year = {2021},
howpublished={\url{https://docs.idex.io/}}
}

@misc{swapdex,
title={{SWAPDEX : Decentralized Finance is the Future}},
author = {{SWAPDEX Team}},
year = {2020},
howpublished={\url{https://swapdex.net/whitepaper/SWAPDEX.pdf}}
}

@misc{kyber,
title={{Kyber: An On-Chain Liquidity Protocol}},
author = {{Kyber Team}},
year = {2019},
howpublished={\url{https://files.kyber.network/Kyber_Protocol_22_April_v0.1.pdf}}
}

@misc{wavesdex,
title={{Waves.Exchange Documentation}},
author = {{Waves.Exchange Team}},
year = {2021},
howpublished={\url{https://docs.waves.exchange/en/waves-exchange/}}
}

@inproceedings{utxo-debt,
      title={Debt Representation in {UTXO} Blockchains},
      author={Michael Chiu and Uroš Kalabić},
      year={2021},
      booktitle={Financial Cryptography and Data Security 2021}
}

@Inbook{knapsack,
author="Kellerer, Hans
and Pferschy, Ulrich
and Pisinger, David",
title="Knapsack Problems",
year="2004",
publisher="Springer Berlin Heidelberg",
address="Berlin, Heidelberg",
isbn="978-3-540-24777-7",
}

@article{zahnentferner:chimeric-ledgers,
  author    = {Joachim Zahnentferner},
  title     = {Chimeric Ledgers: Translating and Unifying {UTxO}-based and Account-based
               Cryptocurrencies},
  journal   = {{IACR} Cryptology ePrint Archive},
  volume    = {2018},
  pages     = {262},
  year      = {2018},
  url       = {http://eprint.iacr.org/2018/262},
}

@inproceedings{eutxo,
  title = {The {Extended UTXO} Model},
  author = {Manuel M. T. Chakravarty and James Chapman and Kenneth
                  MacKenzie and Orestis Melkonian and Michael {Peyton
                  Jones} and Philip Wadler},
  booktitle = {Proceedings of Trusted Smart Contracts (WTSC)},
  year = 2020,
  volume = "12063",
  publisher = "Springer",
  series = "LNCS"
}

@misc{uniswap,
      title={Uniswap Whitepaper},
      author={Uniswap Team},
      year={2019},    howpublished={\url{https://hackmd.io/@HaydenAdams/HJ9jLsfTz#%F0%9F%A6%84-Uniswap-Whitepaper}}
}

@misc{summa,
      title={Cross-chain Auctions via Bitcoin Double Spends},
      author={James Prestwich},
      year={2018},  howpublished={\url{https://medium.com/summa-technology/summa-auction-bitcoin-technical-7344096498f2}}
}

@misc{cpfp,
      title={Developer Guides},
      author={Bitcoin Project},
      year={2020},
      howpublished={\url{https://developer.bitcoin.org/devguide/}}
}

@misc{eet,
    author       = {John Andrews and
		    Michele Ciampi and
		    Vassilis Zikas},
    title        = {Etherless Ethereum Tokens: Simulating Native Tokens in Ethereum},
    howpublished = {Cryptology ePrint Archive, Report 2021/766},
    year         = {2021},
    note         = {\url{https://ia.cr/2021/766}},
}

@article{scilla,
  title={Safer smart contract programming with {Scilla}},
  author={Sergey, Ilya and Nagaraj, Vaivaswatha and Johannsen, Jacob and Kumar, Amrit and Trunov, Anton and Hao, Ken Chan Guan},
  journal={Proceedings of the ACM on Programming Languages},
  volume={3},
  number={OOPSLA},
  pages={185},
  year={2019},
  publisher={ACM}
}
@article{scilla-arxiv,
  title={Scilla: a smart contract intermediate-level language},
  author={Sergey, Ilya and Kumar, Amrit and Hobor, Aquinas},
  journal={arXiv preprint arXiv:1801.00687},
  year={2018}
}

@inproceedings{eutxoma,
  title={Native Custom Tokens in the Extended {UTXO} Model},
  author={Manuel M. T. Chakravarty and James Chapman and Kenneth MacKenzie and
  Orestis Melkonian and Jann Müller and Michael {Peyton Jones} and Polina Vinogradova and Philip Wadler},
  year=2020,
  booktitle={9th International Symposium on Leveraging Applications of Formal Methods (ISoLA)},
  organization={Springer},
  note={to appear; \url{https://omelkonian.github.io/data/publications/eutxoma.pdf}}
}

@misc{sundae,
      title={SundaeSwap Scalability},
      author={The SundaeSwap Team},
      year={2021},
      howpublished={\url{https://sundaeswap.finance/posts/sundaeswap-scalability}}
}

@article{tezos,
  title={Tezos—a self-amending crypto-ledger White paper},
  author={Goodman, LM},
  year={2014}
}

@misc{nervos,
title={{Nervos CKB: A Common Knowledge Base for Crypto-Economy}},
author = {Jan Xie},
year = {2018},
howpublished={\url{https://github.com/nervosnetwork/rfcs/blob/master/rfcs/0002-ckb/0002-ckb.md}}
}

@misc{zilliqa,
title={{The ZILLIQA Technical Whitepaper}},
author = {The ZILLIQA Team},
year = {2017},
howpublished={\url{https://docs.zilliqa.com/whitepaper.pdf}}
}

@misc{ethereum,
title={{Ethereum: A Next-Generation Smart Contract and Decentralized Application Platform.}},
author = { Vitalik Buterin },
year = {2014},
howpublished={\url{https://ethereum.org/en/whitepaper/}}
}

@misc{steps,
title={{Small Step Semantics for Cardano}},
author = { Cardano Team },
year = {2018},
howpublished={\url{https://github.com/input-output-hk/cardano-ledger/releases/latest/download/small-step-semantics.pdf}}
}

@misc{alonzo,
title={{A Formal Specification of the Cardano Ledger integrating Plutus Core}{Formal Spec: Cardano Ledger with Plutus Core}},
author = { Andre Knispel and Polina Vinogradova },
year = {2021},
howpublished={\url{https://github.com/input-output-hk/cardano-ledger/releases/latest/download/alonzo-ledger.pdf}}
}

@misc{shelley,
title={{A Formal Specification of the Cardano Ledger}{Formal Cardano Ledger Spec.}},
author = { Jared Corduan, Matthias G\"udemann, and Polina Vinogradova },
year = {2019},
howpublished={\url{https://github.com/input-output-hk/cardano-ledger/releases/latest/download/shelley-ledger.pdf}}
}

@article{liveness,
title = {Defining liveness},
journal = {Information Processing Letters},
volume = {21},
number = {4},
pages = {181-185},
year = {1985},
issn = {0020-0190},
doi = {https://doi.org/10.1016/0020-0190(85)90056-0},
url = {https://www.sciencedirect.com/science/article/pii/0020019085900560},
author = {Bowen Alpern and Fred B. Schneider},
keywords = {Liveness, absolute liveness, uniform liveness, safety, property, topology, concurrency, semantics},
abstract = {A formal definition for liveness properties is proposed. It is argued that this definition captures the intuition that liveness properties stipulate that ‘something good’ eventually happens during execution. A topological characterization of safety and liveness is given. Every property is shown to be the intersection of a safety property and a liveness property.}
}

@article{hydra,
  title={Hydra: Fast Isomorphic State Channels},
  author={Manuel M. T. Chakravarty and Sandro Coretti and Matthias Fitzi and Peter Gazi and Philipp Kant and Aggelos Kiayias and Alexander Russell},
  journal={IACR Cryptol. ePrint Arch.},
  year={2020},
  volume={2020},
  pages={299}
}

@InProceedings{marlowe,
author="Lamela Seijas, Pablo
and Nemish, Alexander
and Smith, David
and Thompson, Simon",
editor="Bernhard, Matthew
and Bracciali, Andrea
and Camp, L. Jean
and Matsuo, Shin'ichiro
and Maurushat, Alana
and R{\o}nne, Peter B.
and Sala, Massimiliano",
title="Marlowe: Implementing and Analysing Financial Contracts on Blockchain",
booktitle="Financial Cryptography and Data Security",
year="2020",
publisher="Springer International Publishing",
address="Cham",
pages="496--511",
isbn="978-3-030-54455-3"
}

@inproceedings{tezos-coq,
  title={Making tezos smart contracts more reliable with coq},
  author={Bernardo, Bruno and Cauderlier, Rapha{\"e}l and Claret, Guillaume and Jakobsson, Arvid and Pesin, Basile and Tesson, Julien},
  booktitle={International Symposium on Leveraging Applications of Formal Methods},
  pages={60--72},
  year={2020},
  organization={Springer}
}

@misc{algorand,
      title={A formal model of Algorand smart contracts},
      author={Massimo Bartoletti and Andrea Bracciali and Cristian Lepore and Alceste Scalas and Roberto Zunino},
      year={2021},
      eprint={2009.12140},
      archivePrefix={arXiv},
      primaryClass={cs.CR}
}

@misc{marloweaudit,
      title={A comprehensive guide to Marlowe's security: audit outcomes, built-in functional restrictions, and ledger security features},
      author={Fernando Sanchez},
      year={2023},
      note = "\url{https://iohk.io/en/blog/posts/2023/06/27/a-comprehensive-guide-to-marlowes-security-audit-outcomes-built-in-functional-restrictions-and-ledger-security-features/}"
}

@misc{ds-blog,
    title={Cardano Vulnerabilities 1 — Double Satisfaction},
    author={Vacuumlabs Auditing},
    year = {2023},
    note = "\url{https://medium.com/@vacuumlabs_auditing/cardano-vulnerabilities-1-double-satisfaction-219f1bc9665e}"
}

@misc{plutus-docs,
    title={Double Satisfaction},
    author={Cardano Team},
    year = {2023},
    note = "\url{https://plutus.readthedocs.io/en/latest/reference/writing-scripts/common-weaknesses/double-satisfaction.html}"
}

@techreport{marlowe-audit-tech,
     title = {Technical review of Marlowe : Final report},
     author = {High Assurance Software Group},
     year = {2023},
     institution = {Tweag}
}

@unpublished{structured ,
author = {Polina Vinogradova and Manuel Chakravarty and Philip Wadler and James Chapman and Tudor Ferariu and Michael Peyton Jones and Jacco Krijnen and and Orestis Melkonian},
title = {Structured Contracts in the EUTxO Ledger Model},
note = {Manuscript submitted for publication},
year = {2023}
}

@book{picalc,
  author = {Milner, R.},
  biburl = {https://www.bibsonomy.org/bibtex/2afe9554fd6b33eaff56305d885d56458/wvdaalst},
  publisher = {Cambridge University Press, Cambridge, UK},
  timestamp = {2012-11-22T19:21:58.000+0100},
  title = {{Communicating and Mobile Systems: The Pi-Calculus}},
  year = 1999
}

@book{distributed,
  author = {Andrews, G.R.},
  biburl = {https://www.bibsonomy.org/bibtex/2e06e2d148e60f17ba111244f0bbb67ac/mokukkon},
  publisher = {Addison-Wesley},
  timestamp = {2008-11-22T10:38:47.000+0100},
  title = {{Foundations of Multithreaded, Parallel, and Distributed Programming}},
  year = 1999
}

@book{design,
  author = {Coulouris, George and Dollimore, Jean and Kindberg, Tim},
  biburl = {https://www.bibsonomy.org/bibtex/20f7b3759d6d803835d09a29a9bb9397f/schmidt2},
  isbn = {0321263545},
  publisher = {Addison-Wesley Longman, Amsterdam},
  timestamp = {2011-07-19T11:29:32.000+0200},
  title = {Distributed Systems: Concepts and Design (International Computer Science)},
  year = 2005
}

@misc{ethereum-docs,
title={{Ethereum Development Documentation}},
author = {{Ethereum Team}},
year = {2022},
howpublished={\url{https://ethereum.org/en/developers/docs/}}
}

@misc{agda-structured,
  author = {Orestis Melkonian},
  title = {Structured Contracts: Small-step-style simulation verification of EUTxO smart contracts},
  year = {2023},
  publisher = {GitHub},
  journal = {GitHub repository},
  howpublished = {\url{https://github.com/omelkonian/structured-contracts}}
}

@misc{algorandformal,
      title={A formal model of Algorand smart contracts},
      author={Massimo Bartoletti and Andrea Bracciali and Cristian Lepore and Alceste Scalas and Roberto Zunino},
      year={2021},
      eprint={2009.12140},
      archivePrefix={arXiv},
      primaryClass={cs.CR}
}
@article{blockalg,
      title={Algebras of UTxO blockchains},
      volume={31},
      DOI={10.1017/S0960129521000438},
      number={9},
      journal={Mathematical Structures in Computer Science},
      publisher={Cambridge University Press},
      author={Gabbay, Murdoch J.},
      year={2021},
      pages={1034–1089}
}

@misc{cardano,
  author = {Cardano Team},
  title = {Cardano Ledger},
  year = {2023},
  publisher = {GitHub},
  journal = {GitHub repository},
  howpublished = {\url{https://github.com/input-output-hk/cardano-ledger}}
}

@misc{agdaspec,
  author = {Cardano Team},
  title = {Formal ledger specifications},
  year = {2023},
  publisher = {GitHub},
  journal = {GitHub repository},
  howpublished = {\url{https://github.com/input-output-hk/formal-ledger-specifications}}
}

@misc{agdaspeceutxo,
  author = {Orestis Melkonian},
  title = {A formal model of the Extended UTxO model in Agda},
  year = {2023},
  publisher = {GitHub},
  journal = {GitHub repository},
  howpublished = {\url{https://github.com/omelkonian/formal-utxo}}
}

@inproceedings{nester,
  doi = {10.4230/OASICS.TOKENOMICS.2020.7},
  url = {https://drops.dagstuhl.de/opus/volltexte/2021/13529/},
  author = {Nester, Chad},
  title = {A Foundation for Ledger Structures},
  publisher = {Schloss Dagstuhl - Leibniz-Zentrum für Informatik},
  year = {2021}
}


@InProceedings{bitcoinformal,
  author =	{Rupi\'{c}, Kristijan and Ro\v{z}i\'{c}, Lovro and Derek, Ante},
  title =	{{Mechanized Formal Model of Bitcoin’s Blockchain Validation Procedures}},
  booktitle =	{2nd Workshop on Formal Methods for Blockchains (FMBC 2020)},
  pages =	{7:1--7:14},
  series =	{Open Access Series in Informatics (OASIcs)},
  ISBN =	{978-3-95977-169-6},
  ISSN =	{2190-6807},
  year =	{2020},
  volume =	{84},
  editor =	{Bernardo, Bruno and Marmsoler, Diego},
  publisher =	{Schloss Dagstuhl -- Leibniz-Zentrum f{\"u}r Informatik},
  address =	{Dagstuhl, Germany},
  URL =		{https://drops.dagstuhl.de/entities/document/10.4230/OASIcs.FMBC.2020.7},
  doi =		{10.4230/OASIcs.FMBC.2020.7},
}

@InProceedings{leveragingfm,
author="S{\'a}nchez, C{\'e}sar
and Schneider, Gerardo
and Leucker, Martin",
editor="Margaria, Tiziana
and Steffen, Bernhard",
title="Reliable Smart Contracts: State-of-the-Art, Applications, Challenges and Future Directions",
booktitle="Leveraging Applications of Formal Methods, Verification and Validation. Industrial Practice",
year="2018",
publisher="Springer International Publishing",
address="Cham",
pages="275--279",
isbn="978-3-030-03427-6"
}

@InProceedings{utxoma,
  author="Chakravarty, Manuel M. T.
  and Chapman, James
  and MacKenzie, Kenneth
  and Melkonian, Orestis
  and M{\"u}ller, Jann
  and Peyton Jones, Michael
  and Vinogradova, Polina
  and Wadler, Philip
  and Zahnentferner, Joachim",
  editor="Margaria, Tiziana
  and Steffen, Bernhard",
  title="UTXOma: UTXO with Multi-asset Support",
  booktitle="Leveraging Applications of Formal Methods, Verification and Validation: Applications",
  year="2020",
  publisher="Springer International Publishing",
  address="Cham",
  pages="112--130"
}

@inproceedings{bitml,
  title={{BitML}: a calculus for {Bitcoin} smart contracts},
  author={Bartoletti, Massimo and Zunino, Roberto},
  booktitle={Proceedings of the 2018 ACM SIGSAC Conference on Computer and Communications Security},
  pages={83--100},
  year={2018},
  organization={ACM}
}

@inproceedings{sharding,
author = {P\^{\i}rlea, George and Kumar, Amrit and Sergey, Ilya},
title = {Practical Smart Contract Sharding with Ownership and Commutativity Analysis},
year = {2021},
isbn = {9781450383912},
publisher = {Association for Computing Machinery},
address = {New York, NY, USA},
url = {https://doi.org/10.1145/3453483.3454112},
doi = {10.1145/3453483.3454112},
pages = {1327–1341},
numpages = {15},
keywords = {static analysis, smart contracts, parallelism},
location = {Virtual, Canada},
series = {PLDI 2021}
}

@misc{bitcoin,
title={{Bitcoin: A Peer-to-Peer Electronic Cash System}},
author={S. Nakamoto},
month={October},
year={2008},
howpublished={\url{https://bitcoin.org/en/bitcoin-paper}}
}

@misc{cbor,
title={{CBOR}},
author={Carsten Bormann},
year={2020},
howpublished={\url{https://cbor.io/}}
}

@book{memoization,
  title={Functional Programming},
  author={Field, A.J. and Harrison, P.G.},
  isbn={9780201192490},
  lccn={88001265},
  series={International computer science series},
  url={https://books.google.ca/books?id=nYtQAAAAMAAJ},
  year={1988},
  publisher={Addison-Wesley}
}
